@article{masadeh2019sea,
  title={Sea Lion Optimization Algorithm},
  author={Masadeh, Raja and Mahafzah, Basel A and Sharieh, Ahmad},
  journal={Sea},
  volume={10},
  number={5},
  year={2019}
}

@inproceedings{lili2009markov,
  title={A Markov chain based resource prediction in computational grid},
  author={Lili, Shi and Shoubao, Yang and Liangmin, Guo and Bin, Wu},
  booktitle={2009 Fourth International Conference on Frontier of Computer Science and Technology},
  pages={119--124},
  year={2009},
  organization={IEEE}
}

@article{amiri2017survey,
  title={Survey on prediction models of applications for resources provisioning in cloud},
  author={Amiri, Maryam and Mohammad-Khanli, Leyli},
  journal={Journal of Network and Computer Applications},
  volume={82},
  pages={93--113},
  year={2017},
  publisher={Elsevier}
}


@inproceedings{bankole2013predicting,
  title={Predicting cloud resource provisioning using machine learning techniques},
  author={Bankole, Akindele A and Ajila, Samuel A},
  booktitle={2013 26th IEEE Canadian Conference on Electrical and Computer Engineering (CCECE)},
  pages={1--4},
  year={2013},
  organization={IEEE}
}

@book{Goodfellow-et-al-2016,
    title={Deep Learning},
    author={Ian Goodfellow and Yoshua Bengio and Aaron Courville},
    publisher={MIT Press},
    note={\url{http://www.deeplearningbook.org}},
    year={2016}
}

@book{azoff1994neural,
  title={Neural network time series forecasting of financial markets},
  author={Azoff, E Michael},
  year={1994},
  publisher={John Wiley \& Sons, Inc.}
}

@inproceedings{koskela1996time,
  title={Time series prediction with multilayer perceptron, FIR and Elman neural networks},
  author={Koskela, Timo and Lehtokangas, Mikko and Saarinen, Jukka and Kaski, Kimmo},
  booktitle={Proceedings of the World Congress on Neural Networks},
  pages={491--496},
  year={1996},
  organization={Citeseer}
}

@inproceedings{warsito2018cascade,
  title={Cascade Forward Neural Network for Time Series Prediction},
  author={Warsito, Budi and Santoso, Rukun and Yasin, Hasbi and others},
  booktitle={Journal of Physics: Conference Series},
  volume={1025},
  number={1},
  pages={012097},
  year={2018},
  organization={IOP Publishing}
}

@article{zhang2000predicting,
  title={Predicting chaotic time series using recurrent neural network},
  author={Zhang, Jia-Shu and Xiao, Xian-Ci},
  journal={Chinese Physics Letters},
  volume={17},
  number={2},
  pages={88},
  year={2000},
  publisher={IOP Publishing}
}

@article{connor1994recurrent,
  title={Recurrent neural networks and robust time series prediction},
  author={Connor, Jerome T and Martin, R Douglas and Atlas, Les E},
  journal={IEEE transactions on neural networks},
  volume={5},
  number={2},
  pages={240--254},
  year={1994},
  publisher={IEEE}
}

@article{chandra2012cooperative,
  title={Cooperative coevolution of Elman recurrent neural networks for chaotic time series prediction},
  author={Chandra, Rohitash and Zhang, Mengjie},
  journal={Neurocomputing},
  volume={86},
  pages={116--123},
  year={2012},
  publisher={Elsevier}
}


@article{hochreiter1997long,
  title={Long short-term memory},
  author={Hochreiter, Sepp and Schmidhuber, J{\"u}rgen},
  journal={Neural computation},
  volume={9},
  number={8},
  pages={1735--1780},
  year={1997},
  publisher={MIT Press}
}

@incollection{gers2002applying,
  title={Applying LSTM to time series predictable through time-window approaches},
  author={Gers, Felix A and Eck, Douglas and Schmidhuber, J{\"u}rgen},
  booktitle={Neural Nets WIRN Vietri-01},
  pages={193--200},
  year={2002},
  publisher={Springer}
}

@inproceedings{guo2016robust,
  title={Robust online time series prediction with recurrent neural networks},
  author={Guo, Tian and Xu, Zhao and Yao, Xin and Chen, Haifeng and Aberer, Karl and Funaya, Koichi},
  booktitle={2016 IEEE International Conference on Data Science and Advanced Analytics (DSAA)},
  pages={816--825},
  year={2016},
  organization={Ieee}
}


@inproceedings{fu2016using,
  title={Using LSTM and GRU neural network methods for traffic flow prediction},
  author={Fu, Rui and Zhang, Zuo and Li, Li},
  booktitle={2016 31st Youth Academic Annual Conference of Chinese Association of Automation (YAC)},
  pages={324--328},
  year={2016},
  organization={IEEE}
}

@article{chung2014empirical,
  title={Empirical evaluation of gated recurrent neural networks on sequence modeling},
  author={Chung, Junyoung and Gulcehre, Caglar and Cho, KyungHyun and Bengio, Yoshua},
  journal={arXiv preprint arXiv:1412.3555},
  year={2014}
}

@article{langkvist2014review,
  title={A review of unsupervised feature learning and deep learning for time-series modeling},
  author={L{\"a}ngkvist, Martin and Karlsson, Lars and Loutfi, Amy},
  journal={Pattern Recognition Letters},
  volume={42},
  pages={11--24},
  year={2014},
  publisher={Elsevier}
}


@phdthesis{bone2000recurrent,
  title={Recurrent neural networks for time series forecasting},
  author={Bon{\'e}, R},
  year={2000},
  school={PhD thesis, Universit{\'e} de Tours, Tours, FRANCE}
}


@article{rumelhart1988learning,
  title={Learning representations by back-propagating errors},
  author={Rumelhart, David E and Hinton, Geoffrey E and Williams, Ronald J and others},
  journal={Cognitive modeling},
  volume={5},
  number={3},
  pages={1},
  year={1988}
}

@inproceedings{eberhart1995particle,
  title={Particle swarm optimization},
  author={Eberhart, Russell and Kennedy, James},
  booktitle={Proceedings of the IEEE international conference on neural networks},
  volume={4},
  pages={1942--1948},
  year={1995},
  organization={Citeseer}
}

@inproceedings{tizhoosh2005opposition,
  title={Opposition-based learning: a new scheme for machine intelligence},
  author={Tizhoosh, Hamid R},
  booktitle={International Conference on Computational Intelligence for Modelling, Control and Automation and International Conference on Intelligent Agents, Web Technologies and Internet Commerce (CIMCA-IAWTIC'06)},
  volume={1},
  pages={695--701},
  year={2005},
  organization={IEEE}
}

@inproceedings{wang2007opposition,
  title={Opposition-based particle swarm algorithm with Cauchy mutation},
  author={Wang, Hui and Li, Hui and Liu, Yong and Li, Changhe and Zeng, Sanyou},
  booktitle={2007 IEEE Congress on Evolutionary Computation},
  pages={4750--4756},
  year={2007},
  organization={IEEE}
}

@inproceedings{tang2009enhanced,
  title={An enhanced opposition-based particle swarm optimization},
  author={Tang, Jun and Zhao, Xiaojuan},
  booktitle={2009 WRI Global Congress on Intelligent Systems},
  volume={1},
  pages={149--153},
  year={2009},
  organization={IEEE}
}

@inproceedings{rashid2010improved,
  title={Improved opposition-based PSO for feedforward neural network training},
  author={Rashid, Muhammad and Baig, Abdul Rauf},
  booktitle={2010 International Conference on Information Science and Applications},
  pages={1--6},
  year={2010},
  organization={IEEE}
}

@article{nguyen2019efficient,
  title={Efficient Time-Series Forecasting Using Neural Network and Opposition-Based Coral Reefs Optimization},
  author={Nguyen, Thieu and Nguyen, Tu and Nguyen, Binh Minh and Nguyen, Giang},
  journal={International Journal of Computational Intelligence Systems},
  volume={12},
  number={2},
  pages={1144--1161},
  year={2019},
  publisher={Atlantis Press}
}

@article{kennedy2010particle,
  title={Particle swarm optimization},
  author={Kennedy, James},
  journal={Encyclopedia of machine learning},
  pages={760--766},
  year={2010},
  publisher={Springer}
}